@InProceedings{NS05,
author={Phong Q. Nguyen and Damien Stehl{\'e}},
title={Floating-point {LLL} revisited},
booktitle={Advances in Cryptology -- {EUROCRYPT} 2005},
year={2005},
publisher={Springer Berlin Heidelberg},
pages={215--233},
}

@Inbook{Stehle10,
author="Stehl{\'e}, Damien",
title="Floating-Point LLL: Theoretical and Practical Aspects",
bookTitle="The LLL Algorithm: Survey and Applications",
year="2010",
publisher="Springer Berlin Heidelberg",
pages="179--213",
}

@article{NS09,
author={Phong Q. Nguyen and Damien Stehl\'{e}},
title={An {LLL} algorithm with quadratic complexity},
journal={SIAM Journal on Computing},
volume={39},
number={3},
pages={874--903},
year={2009}
}

@misc{DPS25,
author = {L\'eo Ducas and Ludo N. Pulles and Marc Stevens},
title = {Towards a Modern {LLL} Implementation},
howpublished = {Cryptology {ePrint} Archive, Paper 2025/774},
year = {2025}
}

@misc{NS16,
author = {Arnold Neumaier and Damien Stehle},
title = {Faster {LLL}-type Reduction of Lattice Bases},
howpublished = {Cryptology {ePrint} Archive, Paper 2016/852},
year = {2016}
}

@inproceedings{Schonhage91,
author = {Arnold Sch\"{o}nhage},
title = {Fast reduction and composition of binary quadratic forms},
year = {1991},
publisher = {Association for Computing Machinery},
booktitle = {Proceedings of the 1991 International Symposium on Symbolic and Algebraic Computation},
pages = {128â€“133},
numpages = {6},
series = {ISSAC '91}
}
